@inproceedings{Sun,
	title={An overview of free view-point depth-image-based rendering (DIBR)},
	author={Sun, Wenxiu and Xu, Lingfeng and Au, Oscar C and Chui, Sung Him and Kwok, Chun Wing},
	booktitle={APSIPA Annual Summit and Conference},
	pages={1023--1030},
	year={2010}
}

@article{Adaptive background mixture models for real-time tracking,
	title={Adaptive background mixture models for real-time tracking},
	author={Chris Stauffer and W.E.L Grimson},
	journal={The Artificial Intelligence Laboratory Massachusetts Institute of Technology},
}

@article{Zinger,
	title={Free-viewpoint depth image based rendering},
	author={Zinger, Sveta and Do, Luat and de With, P. H. N.},
	journal={Journal of visual communication and image representation},
	volume={21},
	number={5-6},
	pages={533--541},
	year={2010},
	publisher={Elsevier}
}

@inproceedings{Azad,
	title={Combining Harris interest points and the SIFT descriptor for fast scale-invariant object recognition},
	author={Azad, Pedram and Asfour, Tamim and Dillmann, R{\"u}diger},
	booktitle={Intelligent Robots and Systems, 2009. IROS 2009. IEEE/RSJ International Conference on},
	pages={4275--4280},
	year={2009},
	organization={IEEE}
}

@thesis{Coste,
	author = {Coste, Arthur},
	title = {Stereo and 3D Reconstruction from Disparity},
	type = {Projektarbeit},
	institution = {University of Utah - Scientific Computing and Imaging Institute},
	date = {2013-02}
}

@book{Dam,
	title={Quaternions, interpolation and animation},
	author={Dam, Erik B and Koch, Martin and Lillholm, Martin},
	volume={2},
	date={1998-07-17},
	publisher={Citeseer}
}

@unpublished{Rao,
	author = {Rao, Rajesh},
	title = {Lecture 6 - Features and Image Matching},
	date = {2009-01-23},
	url = {courses.cs.washington.edu/courses/cse455/09wi/Lects/lect6.pdf},
	urldate = {2018-09-11},
}

@article{Fitzgibbon,
	title={Image-based rendering using image-based priors},
	author={Fitzgibbon, Andrew and Wexler, Yonatan and Zisserman, Andrew},
	journal={International Journal of Computer Vision},
	volume={63},
	number={2},
	pages={141--151},
	year={2005},
	publisher={Springer}
}

@article{Fusiello,
	title={A compact algorithm for rectification of stereo pairs},
	author={Fusiello, Andrea and Trucco, Emanuele and Verri, Alessandro},
	journal={Machine Vision and Applications},
	volume={12},
	number={1},
	pages={16--22},
	year={2000},
	publisher={Springer}
}

@inproceedings{Hast,
	title={Rotation invariant feature matching-based on gaussian filtered log polar transform and phase correlation},
	author={Hast, Anders and Marchetti, Andrea},
	booktitle={Image and Signal Processing and Analysis (ISPA), 2013 8th International Symposium on},
	pages={107--112},
	year={2013},
	organization={IEEE}
}

@article{Kamencay,
	title={Improved Depth Map Estimation from Stereo Images Based on Hybrid Method.},
	author={Kamencay, Patrik and Breznan, Martin and Jarina, Roman and Lukac, Peter and Zachariasova, Martina},
	journal={Radioengineering},
	volume={21},
	number={1},
	year={2012}
}

@inproceedings{Klaus,
	title={Segment-based stereo matching using belief propagation and a self-adapting dissimilarity measure},
	author={Klaus, Andreas and Sormann, Mario and Karner, Konrad},
	booktitle={Pattern Recognition, 2006. ICPR 2006. 18th International Conference on},
	volume={3},
	pages={15--18},
	year={2006},
	organization={IEEE}
}

@inproceedings{Lowe,
	title={Object recognition from local scale-invariant features},
	author={Lowe, David G},
	booktitle={Computer vision, 1999. The proceedings of the seventh IEEE international conference on},
	volume={2},
	pages={1150--1157},
	year={1999},
	organization={Ieee}
}

@book{Ma,
	title={An invitation to 3-d vision: from images to geometric models},
	author={Ma, Yi and Soatto, Stefano and Kosecka, Jana and Sastry, S Shankar},
	volume={26},
	year={2012},
	publisher={Springer Science \& Business Media}
}

@phdthesis{McMillan,
	title={An image-based approach to three-dimensional computer graphics},
	author={McMillan, Leonard},
	year={1997},
	school={Citeseer}
}

@phdthesis{Morvan,
	title={Acquisition, compression and rendering of depth and texture for multi-view video},
	author={Morvan, Yannick},
	year={2009},
	school={Technische Universität Eindhoven}
}

@article{Oliveira,
	title={Image-based modeling and rendering techniques: A survey},
	author={Oliveira, Manuel M},
	journal={RITA},
	volume={9},
	number={2},
	pages={37--66},
	year={2002}
}

@thesis{Riegler,
	author = {Riegler, Moritz},
	title = {A study and comparison of feature matching},
	type = {Masterarbeit},
	institution = {Hochschule München - Fakultät für Informatik und Mathematik},
	date = {2015-11-13}
}

@thesis{Rosenthal,
	author = {Rosenthal, Jean-Claude},
	title = {Feature Detection und Matching Verfahren zur Position- und Lagebestimmung},
	type = {Diplomarbeit},
	institution = {Universität Koblenz - Institut für Computervisualistik},
	date = {2006-10}
}

@inproceedings{Shum,
	title={Review of image-based rendering techniques},
	author={Shum, Harry and Kang, Sing Bing},
	booktitle={Visual Communications and Image Processing 2000},
	volume={4067},
	pages={2--14},
	year={2000},
	organization={International Society for Optics and Photonics}
}

@unpublished{Slabaugh,
	author = {Slabaugh, Gregory G.},
	title = {Computing Euler angles from a rotation matrix},
	date = {1999-08},
	url = {close-range.com/docs/Computing_Euler_angles_from_a_rotation_matrix.pdf},
	urldate = {2018-09-11}
}

@unpublished{Bouguet,
	author = {Bouguet, Jean-Yves},
	title = {Camera Calibration Toolbox for Matlab},
	date = {2015-10},
	url = {vision.caltech.edu/bouguetj/calib_doc/index.html},
	urldate = {2018-09-11}
}

@misc{McCormick,
	title = {Stereo Vision Tutorial - Part I},
	url = {mccormickml.com/2014/01/10/stereo-vision-tutorial-part-i/},
	urldate = {2018-09-12}
}
